@book{ITUalgo,
  title={Recommendation {ITU-R BS.1770-4 - Algorithms} to measure audio programme loudness and true-peak audio level},
  year={2015},
  publisher={{International Telecommunication Union}}
}

@inbook{DAFX,
  title={DAFX: Digital Audio Effects},
  editor={Udo Z\"olzer},
  edition={Second},
  chapter={2 - Filters and delays},
  year={2011},
  publisher={John Wiley \& Sons Lid.}
}

@book{masterHA,
  title={The Master Handbook of Acoustics},
  author={F. A. Everest},
  year={2001},
  publisher={McGraw-Hill}
}

@book{DASP,
  title={Digital Audio Signal Processing},
  author={Udo Z\"olzer},
  edition={Second},
  year={2008},
  publisher={John Wiley \& Sons Lid.}
}

@book{vocalRiderM,
  title={Vocal {Rider User Guide}},
  year={2009},
  publisher={Waves}
}

@misc{wiki,
  author={en.wikipedia.org},
  title={{'Root} mean square'},
  year={2018. [Online]},
  note={Available: en.wikipedia.org/wiki/Root\_mean\_square [Accessed: 9-May-2018]}
}

@misc{wikiLoud,
  author={en.wikipedia.org},
  title={{'Loudness}'},
  year={2018. [Online]},
  note={Available: en.wikipedia.org/wiki/Loudness [Accessed: 9-May-2018]}
}

@inproceedings{beaqleJS,
  title={{BeaqleJS: HTML5 and JavaScript based Framework for the Subjective Evaluation of Audio Quality}},
  year={2014},
  author={S. Kraft, U. Z\"olzer},
  address={Karlsruhe, Germany},
  organization={Linux Audio Conference}
}

@misc{scipy,
  title={scipy.org},
  year={2018. [Online]},
  note={[Accessed: 9-May-2018]}
}

@misc{scipyB,
  author={scipy.org},
  title={'scipy.optimize.brute'},
  year={2014. [Online]},
  note={Available: docs.scipy.org/doc/scipy-0.14.0/reference/generated/scipy.optimize.brute.html [Accessed: 9-May-2018]}
}

@misc{scipyM,
  author={scipy.org},
  title={'scipy.optimize.minimize'},
  year={2018. [Online]},
  note={Available: docs.scipy.org/doc/scipy/reference/generated/scipy.optimize.minimize.html [Accessed: 9-May-2018]}
}

@misc{MultiT,
  author={cambridge-mt.com},
  title={'The {'Mixing Secrets' Free Multitrack Download Library}'},
  year={[Online]},
  note={Available: cambridge-mt.com/ms-mtk.html [Accessed: 9-May-2018]}
}

@misc{numpy,
  title={numpy.org},
  year={2018. [Online]},
  note={[Accessed: 9-May-2018]}
}

@misc{MPlot,
  author={matplotlib.org},
  title={'pyplot'},
  year={2017. [Online]},
  note={Available: matplotlib.org/api/pyplot\_api.html [Accessed: 9-May-2018]}
}

@misc{VR,
  author={waves.com},
  title={{'Vocal Rider}'},
  year={2018. [Online]},
  note={Available: waves.com/plugins/vocal-rider [Accessed: 9-May-2018]}
}
